@misc{SpirakisAuctionsSlides,
  author    = {Paul G. Spirakis},
  title     = {Auctions: Second-Price Sealed-Bid Auctions},
  howpublished = {Lecture slides, University of Liverpool},
  year      = {2015},
  url       = {https://cgi.csc.liv.ac.uk/~spirakis/COMP323-Fall2015/lectures/week06.pdf},
  urldate   = {2025-09-14}
}

@article{GhoshLiu2016,
  author  = {Gagan Pratap Ghosh and Heng Liu},
  title   = {Sequential Second Price Auctions with Budget Constrained Bidders},
  year    = {2016},
  note    = {SSRN Working Paper No. 2756007},
  url     = {https://ssrn.com/abstract=2756007},
  urldate = {2025-09-14}
}

@article{ChenEtAl2023,
  author  = {Yurong Chen and Qian Wang and Zhijian Duan and Haoran Sun and Zhaohua Chen and Xiang Yan and Xiaotie Deng},
  title   = {Coordinated Dynamic Bidding in Repeated Second-Price Auctions with Budgets},
  year    = {2023},
  eprint  = {2306.07709},
  archivePrefix = {arXiv},
  primaryClass  = {cs.GT},
  url     = {https://arxiv.org/abs/2306.07709},
  urldate = {2025-09-14}
}

@article{KnightCampbell2018Nashpy,
  author  = {Vincent A. Knight and James D. Campbell},
  title   = {Nashpy: A Python library for the computation of equilibria of 2-player strategic games},
  journal = {Journal of Open Source Software},
  year    = {2018},
  volume  = {3},
  number  = {24},
  pages   = {615},
  doi     = {10.21105/joss.00615},
  url     = {https://doi.org/10.21105/joss.00615}
}

@article{Harris2020NumPy,
  author  = {Charles R. Harris and K. Jarrod Millman and St{\'e}fan J. van der Walt and Ralf Gommers and Pauli Virtanen and David Cournapeau and Eric Wieser and Julian Taylor and Sebastian Berg and Nathaniel J. Smith and Robert Kern and Matti Picus and Stephan Hoyer and Marten H. van Kerkwijk and Matthew Brett and Allan Haldane and Jaime Fernandez del Rio and Mark Wiebe and Pearu Peterson and Pierre G{\'e}rard-Marchant and Kevin Sheppard and Tyler Reddy and Warren Weckesser and Hameer Abbasi and Christoph Gohlke and Travis E. Oliphant},
  title   = {Array programming with NumPy},
  journal = {Nature},
  year    = {2020},
  volume  = {585},
  pages   = {357--362},
  doi     = {10.1038/s41586-020-2649-2}
}

@article{Virtanen2020SciPy,
  author  = {Pauli Virtanen and Ralf Gommers and Travis E. Oliphant and Matt Haberland and Tyler Reddy and David Cournapeau and Evgeni Burovski and Pearu Peterson and Warren Weckesser and Jonathan Bright and St{\'e}fan J. van der Walt and Matthew Brett and Joshua Wilson and K. Jarrod Millman and Nikolay Mayorov and Andrew R. J. Nelson and Eric Jones and Robert Kern and Eric Larson and C J Carey and {\'I}lhan Polat and Yu Feng and Eric W. Moore and Jake VanderPlas and Denis Laxalde and Josef Perktold and Robert Cimrman and Ian Henriksen and E. A. Quintero and Charles R. Harris and Anne M. Archibald and Ant{\'o}nio H. Ribeiro and Fabian Pedregosa and Paul van Mulbregt and SciPy 1.0 Contributors},
  title   = {SciPy 1.0: fundamental algorithms for scientific computing in Python},
  journal = {Nature Methods},
  year    = {2020},
  volume  = {17},
  pages   = {261--272},
  doi     = {10.1038/s41592-019-0686-2}
}

@inproceedings{McKinney2010Pandas,
  author    = {Wes McKinney},
  title     = {Data Structures for Statistical Computing in Python},
  booktitle = {Proceedings of the 9th Python in Science Conference},
  year      = {2010},
  pages     = {51--56}
}

@article{Hunter2007Matplotlib,
  author  = {John D. Hunter},
  title   = {Matplotlib: A 2D Graphics Environment},
  journal = {Computing in Science & Engineering},
  year    = {2007},
  volume  = {9},
  number  = {3},
  pages   = {90--95},
  doi     = {10.1109/MCSE.2007.55}
}

@article{ChenSchongerWickens2016oTree,
  author  = {Daniel L. Chen and Martin Schonger and Chris Wickens},
  title   = {oTree---An open-source platform for laboratory, online, and field experiments},
  journal = {Journal of Behavioral and Experimental Finance},
  year    = {2016},
  volume  = {9},
  pages   = {88--97},
  doi     = {10.1016/j.jbef.2015.12.001}
}

@misc{SavaniVonStengelGTE,
  author = {Rahul Savani and Bernhard von Stengel},
  title  = {Game Theory Explorer (GTE) software},
  year   = {2015},
  url    = {https://gte.csc.liv.ac.uk/gte/},
  note   = {Accessed 2025-09-14}
}
