@article{vickrey1961,
  author = {Vickrey, William},
  title = {Counterspeculation, Auctions, and Competitive Sealed Tenders},
  journal = {Econometrica},
  year = {1961},
  volume = {29},
  number = {4},
  pages = {8--37}
}

@book{krishna2009,
  author = {Krishna, Vijay},
  title = {Auction Theory},
  edition = {2},
  year = {2009},
  publisher = {Academic Press}
}

@article{milgromweber1982,
  author = {Milgrom, Paul and Weber, Robert J.},
  title = {A Theory of Auctions and Competitive Bidding},
  journal = {Econometrica},
  year = {1982},
  volume = {50},
  number = {5},
  pages = {1089--1122}
}

@article{chegale1998,
  author = {Che, Yeon-Koo and Gale, Ian},
  title = {Standard Auctions with Financially Constrained Bidders},
  journal = {The Review of Economic Studies},
  year = {1998},
  volume = {65},
  number = {1},
  pages = {1--21}
}

@misc{nashpy,
  author = {Knight, James and others},
  title = {NashPy: A Python library for 2-player game theory},
  year = {2025},
  howpublished = {Python package},
  note = {Version 0.0.35}
}

